<?xml version="1.0" encoding="UTF-8"?>
<collection xmlns:xsi="http://www.w3.org/2001/XMLSchema-instance" xsi:schemaLocation="http://www.loc.gov/MARC21/slim http://www.loc.gov/standards/marcxml/schema/MARC21slim.xsd" xmlns="http://www.loc.gov/MARC21/slim">
<record>
  <leader>01063cam a22002051  4500</leader>
  <controlfield tag="001">3121222</controlfield>
  <controlfield tag="003">NNC</controlfield>
  <controlfield tag="005">20130426022528.0</controlfield>
  <controlfield tag="008">011023s1947    ua            000 0 ara d</controlfield>
  <datafield tag="035" ind1=" " ind2=" ">
    <subfield code="a">(OCoLC)ocm48196642</subfield>
  </datafield>
  <datafield tag="035" ind1=" " ind2=" ">
    <subfield code="9">ATV3440CU</subfield>
  </datafield>
  <datafield tag="035" ind1=" " ind2=" ">
    <subfield code="a">(NNC)3121222</subfield>
  </datafield>
  <datafield tag="040" ind1=" " ind2=" ">
    <subfield code="a">ZCU</subfield>
    <subfield code="c">ZCU</subfield>
  </datafield>
  <datafield tag="099" ind1=" " ind2=" ">
    <subfield code="a">893.7K84</subfield>
    <subfield code="a">DM95</subfield>
  </datafield>
  <datafield tag="100" ind1="1" ind2=" ">
    <subfield code="a">Mutawallī, Muḥammad ibn Aḥmad,</subfield>
    <subfield code="d">-1895 or 1896.</subfield>
  </datafield>
  <datafield tag="245" ind1="0" ind2="0">
    <subfield code="a">Fatḥ al-muʻti wa-ghunyat al-muqrī,</subfield>
    <subfield code="b">fī sharḥ Muqaddimat Warsh al-Miṣri,</subfield>
    <subfield code="c">taʾlif Muḥammad ibn Aḥmad ibn ʻAbd-Allāh al-Ḍarīr al-shahīr bil-Mutawallī (shaykh al-maqāriʾ al-Miṣrīyah sābiqan, al-mutawaffā fī sanat 1313 h.) rājaʻahu waḥaqqaqahū waktaba muqaddimatahū Zaydān Abū-al-Makārim Ḥasan, waqāma bimurājaʻatihi al-nihāʾīyah al-shaykh ʻAlī Muhammad al-Dabbāʻ (shaykh al-maqāriʾ al- Miṣrīyah al-hālī)</subfield>
  </datafield>
  <datafield tag="260" ind1=" " ind2=" ">
    <subfield code="a">[al-Qāhirah,</subfield>
    <subfield code="b">Maktabat al-Qāhirah liṣāḥibihā ʻAlī Yūsuf Sulaymān]</subfield>
    <subfield code="c">1367 h., 1947 m.</subfield>
  </datafield>
  <datafield tag="300" ind1=" " ind2=" ">
    <subfield code="a">16, 175 p.</subfield>
  </datafield>
  <datafield tag="500" ind1=" " ind2=" ">
    <subfield code="a">Cover-title.</subfield>
  </datafield>
  <datafield tag="955" ind1=" " ind2=" ">
    <subfield code="b">CU58923470</subfield>
    <subfield code="d">off,glx</subfield>
    <subfield code="e">893.7K84 DM95</subfield>
  </datafield>
</record>
</collection>